<?xml version="1.0" encoding="UTF-8"?><collection xmlns="http://www.loc.gov/MARC21/slim"><record><leader>00322nam--2200121-i-4500</leader><controlfield tag="001">000045557</controlfield><controlfield tag="002">20161230</controlfield><controlfield tag="005">20161230201045</controlfield><controlfield tag="008">060222s1000------------r-----000-0-eng-d</controlfield><datafield ind1=" " ind2=" " tag="080"><subfield code="a">681.3.06</subfield></datafield><datafield ind1=" " ind2=" " tag="245"><subfield code="a">Turbo pascal. version 3.0. reference manuel</subfield></datafield><datafield ind1=" " ind2=" " tag="260"><subfield code="a">Dave, Borland International Inc., 1985, Xvii+375p</subfield></datafield><datafield ind1=" " ind2=" " tag="852"><subfield code="a">80773</subfield></datafield></record></collection>